@article{
    iab1,
    author = "Forrester Research",
    title = "Digital Advertising Comes of Age",
    publisher = "Internet Advertising Bureau",
    year = 2012,
}

@article{
    zahavi1,
    author = "Amotz Zahavi",
    title = "Mate  selection-  a  selection  for  a  handicap",
    publisher = "Journal  of  Theoretical Biology, 53:205-214",
    year = 1975,
}

@article{
    grafen1,
    author = "Alan Grafen",
    title = "Biological  signals  as  handicaps",
    publisher = "Journal  of Theoretical  Biology, 144:517-546",
    year = 1990,
}

@article{
    spence1,
    author = "A. Michael Spence",
    title = "Market Signaling",
    publisher = "Harvard University Press, Cambrige, MA",
    year = 1974,
}

@article{
    sobel1,
    author = "Joel Sobel",
    title = "Signaling Games",
    publisher = "",
    year = 2007,
}